Plačiau apie šaltinių tipus ir jų atributus:
http://mirror.datacenter.by/pub/mirrors/CTAN/macros/latex/contrib/biblatex/doc/biblatex.pdf#subsection.2.1

@online{VulSkApieMusLt,
    title={Apie mus},
    author={{Vilniaus universiteto ligoninės Santaros klinikos}},
    url={http://santa.lt/index.php?option=com_content&view=article&id=49&Itemid=139},
    year={2019},
    langid={lietuvių},
}

@misc{AukšAudInstLt,
    author={{Aukščiausioji audito institucija}},
    title={Asmens sveikatos priežiūros paslaugų prieinamumas ir orientacija į pacientą},
    url={https://www.vkontrole.lt/failas.aspx?id=3894},
    year={2018},
    pages={32},
    langid={lietuvių},
} 

@article{InternetUseByPublicEn,
    author={AlGhamdi KM and Moussa NA},
    title={Internet use by the public to search for health-related information},
    journal={International Journal of Medical Informatics},
    volume={81},
    url={https://www.sciencedirect.com/science/article/pii/S1386505611002644},
    year={2012},
    langid={english},
} 